@article{li2020federated,
  title     = {Federated learning: Challenges, methods, and future directions},
  author    = {Li, Tian and Sahu, Anit Kumar and Talwalkar, Ameet and Smith, Virginia},
  journal   = {IEEE signal processing magazine},
  volume    = {37},
  number    = {3},
  pages     = {50--60},
  year      = {2020},
  publisher = {IEEE}
}

@inproceedings{mcmahan2017communication,
  title        = {Communication-efficient learning of deep networks from decentralized data},
  author       = {McMahan, Brendan and Moore, Eider and Ramage, Daniel and Hampson, Seth and y Arcas, Blaise Aguera},
  booktitle    = {Artificial intelligence and statistics},
  pages        = {1273--1282},
  year         = {2017},
  organization = {PMLR}
}

@article{wei2020federated,
  title     = {Federated learning with differential privacy: Algorithms and performance analysis},
  author    = {Wei, Kang and Li, Jun and Ding, Ming and Ma, Chuan and Yang, Howard H and Farokhi, Farhad and Jin, Shi and Quek, Tony QS and Poor, H Vincent},
  journal   = {IEEE Transactions on Information Forensics and Security},
  volume    = {15},
  pages     = {3454--3469},
  year      = {2020},
  publisher = {IEEE}
}

@article{kairouz2021advances,
  title     = {Advances and open problems in federated learning},
  author    = {Kairouz, Peter and McMahan, H Brendan and Avent, Brendan and Bellet, Aur{\'e}lien and Bennis, Mehdi and Bhagoji, Arjun Nitin and Bonawitz, Kallista and Charles, Zachary and Cormode, Graham and Cummings, Rachel and others},
  journal   = {Foundations and Trends{\textregistered} in Machine Learning},
  volume    = {14},
  number    = {1--2},
  pages     = {1--210},
  year      = {2021},
  publisher = {Now Publishers, Inc.}
}

@article{lin2017deep,
  title   = {Deep gradient compression: Reducing the communication bandwidth for distributed training},
  author  = {Lin, Yujun and Han, Song and Mao, Huizi and Wang, Yu and Dally, William J},
  journal = {arXiv preprint arXiv:1712.01887},
  year    = {2017}
}

@article{simonyan2014very,
  title   = {Very deep convolutional networks for large-scale image recognition},
  author  = {Simonyan, Karen and Zisserman, Andrew},
  journal = {arXiv preprint arXiv:1409.1556},
  year    = {2014}
}

@article{howard2017mobilenets,
  title   = {Mobilenets: Efficient convolutional neural networks for mobile vision applications},
  author  = {Howard, Andrew G and Zhu, Menglong and Chen, Bo and Kalenichenko, Dmitry and Wang, Weijun and Weyand, Tobias and Andreetto, Marco and Adam, Hartwig},
  journal = {arXiv preprint arXiv:1704.04861},
  year    = {2017}
}


@inproceedings{chollet2017xception,
  title     = {Xception: Deep learning with depthwise separable convolutions},
  author    = {Chollet, Fran{\c{c}}ois},
  booktitle = {Proceedings of the IEEE conference on computer vision and pattern recognition},
  pages     = {1251--1258},
  year      = {2017}
}

@inproceedings{szegedy2016rethinking,
  title     = {Rethinking the inception architecture for computer vision},
  author    = {Szegedy, Christian and Vanhoucke, Vincent and Ioffe, Sergey and Shlens, Jon and Wojna, Zbigniew},
  booktitle = {Proceedings of the IEEE conference on computer vision and pattern recognition},
  pages     = {2818--2826},
  year      = {2016}
}

@inproceedings{he2016deep,
  title     = {Deep residual learning for image recognition},
  author    = {He, Kaiming and Zhang, Xiangyu and Ren, Shaoqing and Sun, Jian},
  booktitle = {Proceedings of the IEEE conference on computer vision and pattern recognition},
  pages     = {770--778},
  year      = {2016}
}

@article{cheng2017survey,
  title   = {A survey of model compression and acceleration for deep neural networks},
  author  = {Cheng, Yu and Wang, Duo and Zhou, Pan and Zhang, Tao},
  journal = {arXiv preprint arXiv:1710.09282},
  year    = {2017}
}

@article{denton2014exploiting,
  title   = {Exploiting linear structure within convolutional networks for efficient evaluation},
  author  = {Denton, Emily L and Zaremba, Wojciech and Bruna, Joan and LeCun, Yann and Fergus, Rob},
  journal = {Advances in neural information processing systems},
  volume  = {27},
  year    = {2014}
}

@article{lebedev2014speeding,
  title   = {Speeding-up convolutional neural networks using fine-tuned cp-decomposition},
  author  = {Lebedev, Vadim and Ganin, Yaroslav and Rakhuba, Maksim and Oseledets, Ivan and Lempitsky, Victor},
  journal = {arXiv preprint arXiv:1412.6553},
  year    = {2014}
}

@inproceedings{cohen2016group,
  title        = {Group equivariant convolutional networks},
  author       = {Cohen, Taco and Welling, Max},
  booktitle    = {International conference on machine learning},
  pages        = {2990--2999},
  year         = {2016},
  organization = {PMLR}
}

@article{hinton2015distilling,
  title   = {Distilling the knowledge in a neural network},
  author  = {Hinton, Geoffrey and Vinyals, Oriol and Dean, Jeff},
  journal = {arXiv preprint arXiv:1503.02531},
  year    = {2015}
}

@article{shazeer2017outrageously,
  title   = {Outrageously large neural networks: The sparsely-gated mixture-of-experts layer},
  author  = {Shazeer, Noam and Mirhoseini, Azalia and Maziarz, Krzysztof and Davis, Andy and Le, Quoc and Hinton, Geoffrey and Dean, Jeff},
  journal = {arXiv preprint arXiv:1701.06538},
  year    = {2017}
}

@inproceedings{almahairi2016dynamic,
  title        = {Dynamic capacity networks},
  author       = {Almahairi, Amjad and Ballas, Nicolas and Cooijmans, Tim and Zheng, Yin and Larochelle, Hugo and Courville, Aaron},
  booktitle    = {International Conference on Machine Learning},
  pages        = {2549--2558},
  year         = {2016},
  organization = {PMLR}
}

@inproceedings{fredrikson2015model,
  title     = {Model inversion attacks that exploit confidence information and basic countermeasures},
  author    = {Fredrikson, Matt and Jha, Somesh and Ristenpart, Thomas},
  booktitle = {Proceedings of the 22nd ACM SIGSAC conference on computer and communications security},
  pages     = {1322--1333},
  year      = {2015}
}

@article{dwork2014algorithmic,
  title     = {The algorithmic foundations of differential privacy},
  author    = {Dwork, Cynthia and Roth, Aaron and others},
  journal   = {Foundations and Trends{\textregistered} in Theoretical Computer Science},
  volume    = {9},
  number    = {3--4},
  pages     = {211--407},
  year      = {2014},
  publisher = {Now Publishers, Inc.}
}

@article{konevcny2016federated,
  title   = {Federated learning: Strategies for improving communication efficiency},
  author  = {Kone{\v{c}}n{\`y}, Jakub and McMahan, H Brendan and Yu, Felix X and Richt{\'a}rik, Peter and Suresh, Ananda Theertha and Bacon, Dave},
  journal = {arXiv preprint arXiv:1610.05492},
  year    = {2016}
}

@article{zhang2013information,
  title   = {Information-theoretic lower bounds for distributed statistical estimation with communication constraints},
  author  = {Zhang, Yuchen and Duchi, John and Jordan, Michael I and Wainwright, Martin J},
  journal = {Advances in Neural Information Processing Systems},
  volume  = {26},
  year    = {2013}
}

@inproceedings{braverman2016communication,
  title     = {Communication lower bounds for statistical estimation problems via a distributed data processing inequality},
  author    = {Braverman, Mark and Garg, Ankit and Ma, Tengyu and Nguyen, Huy L and Woodruff, David P},
  booktitle = {Proceedings of the forty-eighth annual ACM symposium on Theory of Computing},
  pages     = {1011--1020},
  year      = {2016}
}

@inproceedings{han2018geometric,
  title        = {Geometric lower bounds for distributed parameter estimation under communication constraints},
  author       = {Han, Yanjun and {\"O}zg{\"u}r, Ayfer and Weissman, Tsachy},
  booktitle    = {Conference On Learning Theory},
  pages        = {3163--3188},
  year         = {2018},
  organization = {PMLR}
}

@article{barnes2020lower,
  title     = {Lower bounds for learning distributions under communication constraints via Fisher information},
  author    = {Barnes, Leighton Pate and Han, Yanjun and {\"O}zg{\"u}r, Ayfer},
  journal   = {The Journal of Machine Learning Research},
  volume    = {21},
  number    = {1},
  pages     = {9583--9612},
  year      = {2020},
  publisher = {JMLRORG}
}

@article{jiang2022model,
  title     = {Model pruning enables efficient federated learning on edge devices},
  author    = {Jiang, Yuang and Wang, Shiqiang and Valls, Victor and Ko, Bong Jun and Lee, Wei-Han and Leung, Kin K and Tassiulas, Leandros},
  journal   = {IEEE Transactions on Neural Networks and Learning Systems},
  year      = {2022},
  publisher = {IEEE}
}

@article{li2022low,
  title     = {Low dimensional trajectory hypothesis is true: Dnns can be trained in tiny subspaces},
  author    = {Li, Tao and Tan, Lei and Huang, Zhehao and Tao, Qinghua and Liu, Yipeng and Huang, Xiaolin},
  journal   = {IEEE Transactions on Pattern Analysis and Machine Intelligence},
  year      = {2022},
  publisher = {IEEE}
}

@inproceedings{kwon2022efficient,
  title     = {Efficient low-rank federated learning based on singular value decomposition},
  author    = {Kwon, Jungmin and Park, Hyunggon},
  booktitle = {Proceedings of the Twenty-Third International Symposium on Theory, Algorithmic Foundations, and Protocol Design for Mobile Networks and Mobile Computing},
  pages     = {285--286},
  year      = {2022}
}

@inproceedings{wu2016quantized,
  title     = {Quantized convolutional neural networks for mobile devices},
  author    = {Wu, Jiaxiang and Leng, Cong and Wang, Yuhang and Hu, Qinghao and Cheng, Jian},
  booktitle = {Proceedings of the IEEE conference on computer vision and pattern recognition},
  pages     = {4820--4828},
  year      = {2016}
}


@inproceedings{yao1986generate,
  title        = {How to generate and exchange secrets},
  author       = {Yao, Andrew Chi-Chih},
  booktitle    = {27th annual symposium on foundations of computer science (Sfcs 1986)},
  pages        = {162--167},
  year         = {1986},
  organization = {IEEE}
}


@inproceedings{subramanyan2017formal,
  title     = {A formal foundation for secure remote execution of enclaves},
  author    = {Subramanyan, Pramod and Sinha, Rohit and Lebedev, Ilia and Devadas, Srinivas and Seshia, Sanjit A},
  booktitle = {Proceedings of the 2017 ACM SIGSAC conference on computer and communications security},
  pages     = {2435--2450},
  year      = {2017}
}

@inproceedings{abadi2016deep,
  title     = {Deep learning with differential privacy},
  author    = {Abadi, Martin and Chu, Andy and Goodfellow, Ian and McMahan, H Brendan and Mironov, Ilya and Talwar, Kunal and Zhang, Li},
  booktitle = {Proceedings of the 2016 ACM SIGSAC conference on computer and communications security},
  pages     = {308--318},
  year      = {2016}
}

@article{mcmahan2017learning,
  title   = {Learning differentially private recurrent language models},
  author  = {McMahan, H Brendan and Ramage, Daniel and Talwar, Kunal and Zhang, Li},
  journal = {arXiv preprint arXiv:1710.06963},
  year    = {2017}
}

@incollection{goldwasser2019knowledge,
  title     = {The knowledge complexity of interactive proof-systems},
  author    = {Goldwasser, Shafi and Micali, Silvio and Rackoff, Chales},
  booktitle = {Providing Sound Foundations for Cryptography: On the Work of Shafi Goldwasser and Silvio Micali},
  pages     = {203--225},
  year      = {2019}
}

@article{parno2016pinocchio,
  title     = {Pinocchio: Nearly practical verifiable computation},
  author    = {Parno, Bryan and Howell, Jon and Gentry, Craig and Raykova, Mariana},
  journal   = {Communications of the ACM},
  volume    = {59},
  number    = {2},
  pages     = {103--112},
  year      = {2016},
  publisher = {ACM New York, NY, USA}
}

@article{geyer2017differentially,
  title   = {Differentially private federated learning: A client level perspective},
  author  = {Geyer, Robin C and Klein, Tassilo and Nabi, Moin},
  journal = {arXiv preprint arXiv:1712.07557},
  year    = {2017}
}

@article{zheng2020preserving,
  title     = {Preserving user privacy for machine learning: local differential privacy or federated machine learning?},
  author    = {Zheng, Huadi and Hu, Haibo and Han, Ziyang},
  journal   = {IEEE Intelligent Systems},
  volume    = {35},
  number    = {4},
  pages     = {5--14},
  year      = {2020},
  publisher = {IEEE}
}

@article{li2018measuring,
  title   = {Measuring the intrinsic dimension of objective landscapes},
  author  = {Li, Chunyuan and Farkhoor, Heerad and Liu, Rosanne and Yosinski, Jason},
  journal = {arXiv preprint arXiv:1804.08838},
  year    = {2018}
}


@article{lecun2015lenet,
  title   = {LeNet-5, convolutional neural networks},
  author  = {LeCun, Yann and others},
  journal = {URL: http://yann. lecun. com/exdb/lenet},
  volume  = {20},
  number  = {5},
  pages   = {14},
  year    = {2015}
}


@article{krizhevsky2009learning,
  title     = {Learning multiple layers of features from tiny images},
  author    = {Krizhevsky, Alex and Hinton, Geoffrey and others},
  year      = {2009},
  publisher = {Toronto, ON, Canada}
}

@article{gressmann2020improving,
  title   = {Improving neural network training in low dimensional random bases},
  author  = {Gressmann, Frithjof and Eaton-Rosen, Zach and Luschi, Carlo},
  journal = {Advances in Neural Information Processing Systems},
  volume  = {33},
  pages   = {12140--12150},
  year    = {2020}
}







@book{Yu2001,
  author    = {余敏},
  title     = {出版集团研究},
  publisher = {中国书籍出版社},
  address   = {北京},
  year      = {2001},
  pages     = {179--193}
}

@inbook{Cheng1999,
  author    = {程根伟},
  title     = {1998年长江洪水的成因与减灾对策},
  booktitle = {长江流域洪涝灾害与科技对策},
  editor    = {许厚泽 and 赵其国},
  publisher = {科学出版社},
  address   = {北京},
  year      = {1999},
  pages     = {32--36}
}

@periodical{LSC1957,
  author    = {中国图书馆学会},
  title     = {图书馆学通讯},
  publisher = {北京图书馆},
  address   = {北京},
  year      = {1957/1990},
  number    = {1-4}
}

@article{Li1999,
  author  = {李晓东 and 张庆红 and 叶瑾琳},
  title   = {气候学研究的若干理论问题},
  journal = {北京大学学报: 自然科学版},
  year    = {1999},
  volume  = {35},
  number  = {1},
  pages   = {101--106}
}

@patent{Jiang1989,
  author = {姜锡洲},
  title  = {一种温热外敷药制备方案},
  number = {中国, 88105607.3},
  date   = {1989-07-26}
}

@online{Hopkinson1999,
  author  = {Hopkinson, A.},
  title   = {{UNIMARC} and metadata: Dublin core},
  url     = {http://www.ifla.org/IV/ifla64/138-161e.htm},
  urldate = {1999-12-08}
}

@book{Jiang1998,
  author    = {蒋有绪 and 郭泉水 and 马娟 and others},
  title     = {中国森林群落分类及其群落学特征},
  publisher = {科学出版社},
  address   = {北京},
  year      = {1998},
  pages     = {11--12}
}

@proceedings{CSTAM1990,
  editor    = {中国力学学会},
  title     = {第 3 届全国实验流体力学学术会议论文集},
  publisher = {天津大学出版社},
  address   = {天津},
  year      = {1990},
  pages     = {20--24}
}

@report{WHO1970,
  author      = {{World Health Organization}},
  title       = {Factors regulating the immune response: report of {WHO} Scientific Group},
  institution = {WHO},
  location    = {Geneva},
  year        = {1970}
}

@phdthesis{Zhang1998,
  author      = {张志祥},
  title       = {间断动力系统的随机扰动及其在守恒律方程中的应用},
  institution = {北京大学数学学院},
  address     = {北京},
  year        = {1998},
  pages       = {50--55}
}

@patent{HBLZ2001,
  author  = {河北绿洲生态环境科技有限公司},
  title   = {一种荒漠化地区生态植被综合培育种植方法},
  date    = {2001-10-24},
  number  = {中国, 01129210.5},
  url     = {http://211.152.9.47/sipoasp/zlijs/hyjs-yx-new.asp?recid=01129210.5&leixin},
  urldate = {2002-05-28}
}

@standard{GBT2659,
  author     = {国家标准局信息分类编码研究所},
  title      = {GB/T 2659-1986 世界各国和地区名称代码},
  bookauthor = {全国文献工作标准化技术委员会},
  booktitle  = {文献工作国家标准汇编: 3},
  publisher  = {中国标准出版社},
  address    = {北京},
  year       = {1988},
  pages      = {59--92}
}

@article{Li2000,
  author  = {李炳穆},
  title   = {理想的图书管理员和信息专家的素养与形象},
  journal = {图书情报工作},
  year    = {2000},
  number  = {2},
  pages   = {5--8}
}

@article{Ding2000,
  author  = {丁文祥},
  title   = {数字革命与竞争国际化},
  journal = {中国青年报},
  date    = {2000-11-20},
  number  = {15},
  note    = {news}
}

@article{Jiang1999,
  author  = {江向东},
  title   = {互联网环境下的信息处理与图书管理系统解决方案},
  journal = {情报学报},
  year    = {1999},
  volume  = {18},
  number  = {2},
  pages   = {4},
  url     = {http://www.chinainfo.gov.cn/periodical/qbxb/qbxb99/qbxb990203},
  urldate = {2000-01-18}
}


@article{Christine1998,
  author  = {Christine, Mlot},
  title   = {Plant physiology: plant biology in the Genome Era},
  journal = {Science},
  year    = {1998},
  volume  = {281},
  pages   = {331--332},
  url     = {http://www.sciencemag.org/cgi/collection/anatmorp},
  urldate = {1998-09-23}
}

@online{Xiao2001,
  author  = {萧钰},
  title   = {出版业信息化迈人快车道},
  date    = {2001-12-19},
  url     = {http://www.creader.com/news/20011219/200112190019.html},
  urldate = {2002-04-15}
}

@article{Yang1999,
  author  = {杨瑞林 and 李力军 and 李玉成},
  title   = {新型低合金高强韧性耐磨钢的研究},
  journal = {钢铁},
  year    = {1999},
  volume  = {34},
  number  = {7},
  pages   = {41--45}
}

@article{Schinstock2000,
  author  = {Schinstock, D. E. and Cuttino, J. F.},
  title   = {Real time kinematic solutions of a non-contacting, three dimensional metrology frame},
  journal = {Precision Engineering},
  year    = {2000},
  volume  = {24},
  number  = {1},
  pages   = {70--76}
}

@book{Wen1990,
  author    = {温诗铸},
  title     = {摩擦学原理},
  publisher = {清华大学出版社},
  address   = {北京},
  year      = {1990},
  pages     = {296--300}
}

@standard{GBT16159,
  author    = {国家技术监督局},
  title     = {GB/T 16159-1996 汉语拼音正词法基本规则},
  publisher = {中国标准出版社},
  address   = {北京},
  year      = {1996}
}

@article{He1999,
  author  = {何闻},
  title   = {标准动态力发生装置国内外研究现状},
  journal = {机电工程},
  year    = {1999},
  number  = {2},
  pages   = {47--49}
}



@Comment{jabref-meta: databaseType:biblatex;}
